<?xml version="1.0" encoding="UTF-8"?><collection xmlns="http://www.loc.gov/MARC21/slim"><record><leader>00539nam--2200181-i-4500</leader><controlfield tag="001">000011518</controlfield><controlfield tag="002">20161230</controlfield><controlfield tag="005">20161230201029</controlfield><controlfield tag="008">060222s1000------------r-----000-0-rum-d</controlfield><datafield ind1=" " ind2=" " tag="041"><subfield code="a">rum</subfield></datafield><datafield ind1=" " ind2=" " tag="080"><subfield code="a">803.0(075):62.(075)</subfield></datafield><datafield ind1="1" ind2=" " tag="100"><subfield code="a">Depauscheg, Benno</subfield></datafield><datafield ind1="1" ind2="0" tag="245"><subfield code="a">Germana pentru ingineri si tehnicieni</subfield><subfield code="b">Coordonator aurel avramescu</subfield><subfield code="c">Benno depauscheg, grete klaster-ungureanu</subfield></datafield><datafield ind1=" " ind2=" " tag="260"><subfield code="a">Bucuresti</subfield><subfield code="b">Editura Tehnica</subfield><subfield code="c">1976</subfield></datafield><datafield ind1=" " ind2=" " tag="300"><subfield code="a">559P</subfield></datafield><datafield ind1="1" ind2=" " tag="700"><subfield code="a">Klaster-ungureanu, Grete</subfield></datafield><datafield ind1=" " ind2=" " tag="852"><subfield code="a">42611</subfield><subfield code="c">4</subfield></datafield><datafield ind1=" " ind2=" " tag="CAT"><subfield code="a">Sys</subfield><subfield code="c">20130206</subfield><subfield code="h">151654</subfield></datafield></record></collection>